<record><leader>00000cas a2200000 i 4500</leader><controlfield tag="001">904713230</controlfield><controlfield tag="006">m     o  d        </controlfield><controlfield tag="007">cr |||||||||||</controlfield><controlfield tag="008">150311d18651883lauwr neo     0   a0fre  </controlfield><datafield ind1=" " ind2=" " tag="010"><subfield code="a">  2015218576</subfield></datafield><datafield ind1=" " ind2=" " tag="040"><subfield code="a">DLC</subfield><subfield code="b">eng</subfield><subfield code="e">rda</subfield><subfield code="c">DLC</subfield><subfield code="d">DLC</subfield></datafield><datafield ind1="0" ind2=" " tag="022"><subfield code="a">2377-8067</subfield><subfield code="2">1</subfield></datafield><datafield ind1="1" ind2=" " tag="029"><subfield code="a">NZ1</subfield><subfield code="b">16037284</subfield></datafield><datafield ind1=" " ind2=" " tag="042"><subfield code="a">pcc</subfield><subfield code="a">nsdp</subfield></datafield><datafield ind1=" " ind2=" " tag="043"><subfield code="a">n-us-la</subfield></datafield><datafield ind1="1" ind2="0" tag="050"><subfield code="a">ISSN RECORD</subfield></datafield><datafield ind1="0" ind2="0" tag="082"><subfield code="a">071</subfield><subfield code="2">23</subfield></datafield><datafield ind1=" " ind2="3" tag="222"><subfield code="a">Le Louisianais</subfield><subfield code="b">(Online)</subfield></datafield><datafield ind1="0" ind2="3" tag="245"><subfield code="a">Le Louisianais.</subfield></datafield><datafield ind1="3" ind2="0" tag="246"><subfield code="a">Louisianian</subfield></datafield><datafield ind1=" " ind2="1" tag="264"><subfield code="a">Paroisse Saint-Jacques [Louisiana]:</subfield><subfield code="b">J. Gentil &amp; A. V. Romain</subfield></datafield><datafield ind1=" " ind2=" " tag="300"><subfield code="a">1 online resource</subfield></datafield><datafield ind1=" " ind2=" " tag="310"><subfield code="a">Weekly</subfield></datafield><datafield ind1=" " ind2=" " tag="336"><subfield code="a">text</subfield><subfield code="b">txt</subfield><subfield code="2">rdacontent</subfield></datafield><datafield ind1=" " ind2=" " tag="337"><subfield code="a">computer</subfield><subfield code="b">c</subfield><subfield code="2">rdamedia</subfield></datafield><datafield ind1=" " ind2=" " tag="338"><subfield code="a">online resource</subfield><subfield code="b">cr</subfield><subfield code="2">rdacarrier</subfield></datafield><datafield ind1="0" ind2=" " tag="362"><subfield code="a">Began August 12, 1865; ceased in 1883.</subfield></datafield><datafield ind1=" " ind2=" " tag="500"><subfield code="a">Subtitles: Journal officiel de la paroisse Saint-Jacques, 1865-&lt;Mar. 4, 1871&gt;; Journal de Gentilly en Saint-Jacques, &lt;Mar. 18, 1871&gt;-&lt;July 29, 1871&gt;; Journal officiel de la paroisse Saint Jacques, &lt;Dec. 23, 1871&gt;-Mar. 29, 1873; Journal franco-louisianais et campagnard, Apr. 5,1873-&lt;Nov. 29, 1873&gt;; Journal de St. Jacques, &lt;Nov. 7, 1874&gt;-Nov. 21, 1874; Journal de St. Jacques-Louisiane, Nov. 28-Dec. 26, 1874; Journal des paroisses St. Jacques et Ascension, Le., Jan. 2, 1875-Mar. 3, 1877; Journal politique, litte&#769;raire et campagnard, Mar. 10, 1877-&lt;May 7, 1881&gt;.</subfield></datafield><datafield ind1=" " ind2=" " tag="500"><subfield code="a">Publisher: J. Gentil, 1866-&lt;1881&gt;.</subfield></datafield><datafield ind1=" " ind2=" " tag="515"><subfield code="a">Suspended Dec. 1873-Oct. 1874.</subfield></datafield><datafield ind1=" " ind2=" " tag="530"><subfield code="a">Also available on microfilm from the New York Public Library.</subfield></datafield><datafield ind1=" " ind2=" " tag="546"><subfield code="a">In French and English.</subfield></datafield><datafield ind1=" " ind2=" " tag="588"><subfield code="a">Description based on: Vol. I, no. XII (28 Octobre 1865); title from masthead (Chroniclingamerica.loc.gov, viewed March 11, 2015).</subfield></datafield><datafield ind1=" " ind2=" " tag="588"><subfield code="a">Latest issue consulted: Vol. XVII, no. 15 (Fevrier 12, 1881) (Chroniclingamerica.loc.gov, viewed March 11, 2015).</subfield></datafield><datafield ind1=" " ind2="0" tag="651"><subfield code="a">Convent (La.)</subfield><subfield code="v">Newspapers.</subfield></datafield><datafield ind1=" " ind2="0" tag="651"><subfield code="a">Saint James Parish (La.)</subfield><subfield code="v">Newspapers.</subfield></datafield><datafield ind1=" " ind2="0" tag="651"><subfield code="a">Ascension Parish (La.)</subfield><subfield code="v">Newspapers.</subfield></datafield><datafield ind1=" " ind2="7" tag="651"><subfield code="a">Louisiana</subfield><subfield code="z">Ascension Parish.</subfield><subfield code="2">fast</subfield><subfield code="0">(OCoLC)fst01210703</subfield></datafield><datafield ind1=" " ind2="7" tag="651"><subfield code="a">Louisiana</subfield><subfield code="z">Convent.</subfield><subfield code="2">fast</subfield><subfield code="0">(OCoLC)fst01282003</subfield></datafield><datafield ind1=" " ind2="7" tag="651"><subfield code="a">Louisiana</subfield><subfield code="z">Saint James Parish.</subfield><subfield code="2">fast</subfield><subfield code="0">(OCoLC)fst01208548</subfield></datafield><datafield ind1=" " ind2="7" tag="655"><subfield code="a">Newspapers.</subfield><subfield code="2">fast</subfield><subfield code="0">(OCoLC)fst01423814</subfield></datafield><datafield ind1=" " ind2=" " tag="752"><subfield code="a">United States</subfield><subfield code="b">Louisiana</subfield><subfield code="c">Saint James</subfield><subfield code="d">Convent.</subfield></datafield><datafield ind1="0" ind2="8" tag="776"><subfield code="i">Originally issued in print:</subfield><subfield code="t">Louisianais</subfield><subfield code="x">2377-8059</subfield><subfield code="w">(DLC)sn 82015038</subfield><subfield code="w">(OCoLC)8801060</subfield></datafield><datafield ind1="0" ind2="0" tag="785"><subfield code="t">Rappel louisianais</subfield></datafield><datafield ind1="4" ind2="0" tag="856"><subfield code="u">http://www.loc.gov/chroniclingamerica/lccn/sn82015038/issues</subfield></datafield></record>